@article{goel2016,
  title={Precinct or prejudice? Understanding racial disparities in New York Cityâ€™s stop-and-frisk policy},
  author={Goel, Sharad and Rao, Justin M and Shroff, Ravi and others},
  journal={The Annals of Applied Statistics},
  volume={10},
  number={1},
  pages={365--394},
  year={2016},
  publisher={Institute of Mathematical Statistics}
}

@article{goel2017,
  title={Combatting police discrimination in the age of big data},
  author={Goel, Sharad and Perelman, Maya and Shroff, Ravi and Sklansky, David Alan},
  journal={New Criminal Law Review: An International and Interdisciplinary Journal},
  volume={20},
  number={2},
  pages={181--232},
  year={2017},
  publisher={University of California Press}
}

@article{grogger2006,
  title={Testing for racial profiling in traffic stops from behind a veil of darkness},
  author={Grogger, Jeffrey and Ridgeway, Greg},
  journal={Journal of the American Statistical Association},
  volume={101},
  number={475},
  pages={878--887},
  year={2006},
  publisher={Taylor \& Francis}
}

@article{hannon2019,
  title={Neighborhood Residence and Assessments of Racial Profiling Using Census Data},
  author={Hannon, Lance},
  journal={Socius},
  volume={5},
  pages={2378023118818746},
  year={2019},
  publisher={SAGE Publications Sage CA: Los Angeles, CA}
}

@article{kalinowski2019,
  title={Now You See Me, Now You Don't: The Geography of Police Stops},
  author={Kalinowski, Jesse J and Ross, Matthew B and Ross, Stephen L},
  booktitle={AEA Papers and Proceedings},
  volume={109},
  pages={143--47},
  year={2019}
}

@article{pierson2017,
  title={Fast threshold tests for detecting discrimination},
  author={Pierson, Emma and Corbett-Davies, Sam and Goel, Sharad},
  journal={arXiv preprint arXiv:1702.08536},
  year={2017}
}

@article{pierson2020,
  title={A large-scale analysis of racial disparities in police stops across the United States},
  author={Pierson, Emma and Simoiu, Camelia and Overgoor, Jan and Corbett-Davies, Sam and Jenson, Daniel and Shoemaker, Amy and Ramachandran, Vignesh and Barghouty, Phoebe and Phillips, Cheryl and Shroff, Ravi and others},
  journal={Nature human behaviour},
  pages={1--10},
  year={2020},
  publisher={Nature Publishing Group}
}

@article{riddell2020,
  title={Using change in a seat belt law to study racially-biased policing in South Carolina},
  author={Riddell, Corinne A and Kaufman, Jay S and Torres, Jacqueline M and Harper, Sam},
  journal={Preventive medicine},
  volume={130},
  pages={105884},
  year={2020},
  publisher={Elsevier}
}

@article{ridgeway2010,
  title={Methods for assessing racially biased policing},
  author={Ridgeway, Greg and MacDonald, John},
  journal={Race, ethnicity, and policing: New and essential readings},
  pages={180--204},
  year={2010},
  publisher={New York University Press New York}
}


@article{rosenfeld2012,
  title={Age matters: Race differences in police searches of young and older male drivers},
  author={Rosenfeld, Richard and Rojek, Jeff and Decker, Scott},
  journal={Journal of research in crime and delinquency},
  volume={49},
  number={1},
  pages={31--55},
  year={2012},
  publisher={SAGE Publications Sage CA: Los Angeles, CA}
}

@article{shoub2017,
  title={Policing the Powerless: How Black Political Power Reduces Racial Disparities in Traffic Stop Outcomes},
  author={Shoub, Kelsey and Baumgartner, Frank R and Epp, Derek A},
  year={2017}
}

@article{taniguchi2017,
  title={Extending the veil of darkness approach: An examination of racial disproportionality in traffic stops in Durham, NC},
  author={Taniguchi, Travis A and Hendrix, Joshua A and Levin-Rector, Alison and Aagaard, Brian P and Strom, Kevin J and Zimmer, Stephanie A},
  journal={Police Quarterly},
  volume={20},
  number={4},
  pages={420--448},
  year={2017},
  publisher={SAGE Publications Sage CA: Los Angeles, CA}
}

